@book{boyd2004convex,
  title={Convex optimization},
  author={Boyd, Stephen and Vandenberghe, Lieven},
  year={2004},
  publisher={Cambridge university press}
}

@article{kipf2016semi,
  title={Semi-supervised classification with graph convolutional networks},
  author={Kipf, Thomas N and Welling, Max},
  journal={arXiv preprint arXiv:1609.02907},
  year={2016}
}

@inproceedings{defferrard2016convolutional,
  title={Convolutional neural networks on graphs with fast localized spectral filtering},
  author={Defferrard, Micha{\"e}l and Bresson, Xavier and Vandergheynst, Pierre},
  booktitle={Advances in neural information processing systems},
  pages={3844--3852},
  year={2016}
}

@inproceedings{hegde2015nearly,
  title={A nearly-linear time framework for graph-structured sparsity},
  author={Hegde, Chinmay and Indyk, Piotr and Schmidt, Ludwig},
  booktitle={International Conference on Machine Learning},
  pages={928--937},
  year={2015}
}

@inproceedings{chen2016generalized,
  title={A Generalized Matching Pursuit Approach for Graph-Structured Sparsity.},
  author={Chen, Feng and Zhou, Baojian},
  booktitle={IJCAI},
  pages={1389--1395},
  year={2016}
}

@inproceedings{zhou2016graph,
  title={Graph-structured sparse optimization for connected subgraph detection},
  author={Zhou, Baojian and Chen, Feng},
  booktitle={2016 IEEE 16th International Conference on Data Mining (ICDM)},
  pages={709--718},
  year={2016},
  organization={IEEE}
}

@inproceedings{chen2017generic,
  title={A generic framework for interesting subspace cluster detection in multi-attributed networks},
  author={Chen, Feng and Zhou, Baojian and Alim, Adil and Zhao, Liang},
  booktitle={2017 IEEE International Conference on Data Mining (ICDM)},
  pages={41--50},
  year={2017},
  organization={IEEE}
}

@inproceedings{yuan2014gradient,
  title={Gradient hard thresholding pursuit for sparsity-constrained optimization},
  author={Yuan, Xiaotong and Li, Ping and Zhang, Tong},
  booktitle={International Conference on Machine Learning},
  pages={127--135},
  year={2014}
}

@inproceedings{triantafillou2017few,
  title={Few-shot learning through an information retrieval lens},
  author={Triantafillou, Eleni and Zemel, Richard and Urtasun, Raquel},
  booktitle={Advances in Neural Information Processing Systems},
  pages={2255--2265},
  year={2017}
}

@article{garcia2017few,
  title={Few-shot learning with graph neural networks},
  author={Garcia, Victor and Bruna, Joan},
  journal={arXiv preprint arXiv:1711.04043},
  year={2017}
}

@inproceedings{jayaraman2014zero,
  title={Zero-shot recognition with unreliable attributes},
  author={Jayaraman, Dinesh and Grauman, Kristen},
  booktitle={Advances in neural information processing systems},
  pages={3464--3472},
  year={2014}
}

@inproceedings{duan2017one,
  title={One-shot imitation learning},
  author={Duan, Yan and Andrychowicz, Marcin and Stadie, Bradly and Ho, OpenAI Jonathan and Schneider, Jonas and Sutskever, Ilya and Abbeel, Pieter and Zaremba, Wojciech},
  booktitle={Advances in neural information processing systems},
  pages={1087--1098},
  year={2017}
}

@inproceedings{snell2017prototypical,
  title={Prototypical networks for few-shot learning},
  author={Snell, Jake and Swersky, Kevin and Zemel, Richard},
  booktitle={Advances in Neural Information Processing Systems},
  pages={4077--4087},
  year={2017}
}

@article{tommasi2014learning,
  title={Learning categories from few examples with multi model knowledge transfer},
  author={Tommasi, Tatiana and Orabona, Francesco and Caputo, Barbara},
  journal={IEEE transactions on pattern analysis and machine intelligence},
  volume={36},
  number={5},
  pages={928--941},
  year={2014},
  publisher={IEEE}
}

@article{fu2015transductive,
  title={Transductive multi-view zero-shot learning},
  author={Fu, Yanwei and Hospedales, Timothy M and Xiang, Tao and Gong, Shaogang},
  journal={IEEE transactions on pattern analysis and machine intelligence},
  volume={37},
  number={11},
  pages={2332--2345},
  year={2015},
  publisher={IEEE}
}

@article{wang2016learning,
  title={Learning to hash for indexing big dataâ€”A survey},
  author={Wang, Jun and Liu, Wei and Kumar, Sanjiv and Chang, Shih-Fu},
  journal={Proceedings of the IEEE},
  volume={104},
  number={1},
  pages={34--57},
  year={2016},
  publisher={IEEE}
}

@article{ravi2016optimization,
  title={Optimization as a model for few-shot learning},
  author={Ravi, Sachin and Larochelle, Hugo},
  year={2016}
}

@inproceedings{finn2017model,
  title={Model-agnostic meta-learning for fast adaptation of deep networks},
  author={Finn, Chelsea and Abbeel, Pieter and Levine, Sergey},
  booktitle={Proceedings of the 34th International Conference on Machine Learning-Volume 70},
  pages={1126--1135},
  year={2017},
  organization={JMLR. org}
}

@inproceedings{santoro2016meta,
  title={Meta-learning with memory-augmented neural networks},
  author={Santoro, Adam and Bartunov, Sergey and Botvinick, Matthew and Wierstra, Daan and Lillicrap, Timothy},
  booktitle={International conference on machine learning},
  pages={1842--1850},
  year={2016}
}

@article{antoniou2017data,
  title={Data augmentation generative adversarial networks},
  author={Antoniou, Antreas and Storkey, Amos and Edwards, Harrison},
  journal={arXiv preprint arXiv:1711.04340},
  year={2017}
}

@inproceedings{krizhevsky2012imagenet,
  title={Imagenet classification with deep convolutional neural networks},
  author={Krizhevsky, Alex and Sutskever, Ilya and Hinton, Geoffrey E},
  booktitle={Advances in neural information processing systems},
  pages={1097--1105},
  year={2012}
}

@book{goodfellow2016deep,
  title={Deep learning},
  author={Goodfellow, Ian and Bengio, Yoshua and Courville, Aaron},
  year={2016},
  publisher={MIT press}
}

@article{pan2010survey,
  title={A survey on transfer learning},
  author={Pan, Sinno Jialin and Yang, Qiang},
  journal={IEEE Transactions on knowledge and data engineering},
  volume={22},
  number={10},
  pages={1345--1359},
  year={2010},
  publisher={IEEE}
}

@inproceedings{goodfellow2014generative,
  title={Generative adversarial nets},
  author={Goodfellow, Ian and Pouget-Abadie, Jean and Mirza, Mehdi and Xu, Bing and Warde-Farley, David and Ozair, Sherjil and Courville, Aaron and Bengio, Yoshua},
  booktitle={Advances in neural information processing systems},
  pages={2672--2680},
  year={2014}
}

@article{wang2019survey,
 author = {Wang, Wei and Zheng, Vincent W. and Yu, Han and Miao, Chunyan},
 title = {A Survey of Zero-Shot Learning: Settings, Methods, and Applications},
 journal = {ACM Trans. Intell. Syst. Technol.},
 volume = {10},
 number = {2},
 month = jan,
 year = {2019},
 issn = {2157-6904},
 pages = {13:1--13:37},
 numpages = {37},
}

@article{perez2017effectiveness,
  title={The effectiveness of data augmentation in image classification using deep learning},
  author={Perez, Luis and Wang, Jason},
  journal={arXiv preprint arXiv:1712.04621},
  year={2017}
}

@article{hinton2012improving,
  title={Improving neural networks by preventing co-adaptation of feature detectors},
  author={Hinton, Geoffrey E and Srivastava, Nitish and Krizhevsky, Alex and Sutskever, Ilya and Salakhutdinov, Ruslan R},
  journal={arXiv preprint arXiv:1207.0580},
  year={2012}
}

@article{ioffe2015batch,
  title={Batch normalization: Accelerating deep network training by reducing internal covariate shift},
  author={Ioffe, Sergey and Szegedy, Christian},
  journal={arXiv preprint arXiv:1502.03167},
  year={2015}
}

@article{ba2016layer,
  title={Layer normalization},
  author={Ba, Jimmy Lei and Kiros, Jamie Ryan and Hinton, Geoffrey E},
  journal={arXiv preprint arXiv:1607.06450},
  year={2016}
}

@inproceedings{koch2015siamese,
  title={Siamese neural networks for one-shot image recognition},
  author={Koch, Gregory and Zemel, Richard and Salakhutdinov, Ruslan},
  booktitle={ICML Deep Learning Workshop},
  volume={2},
  year={2015}
}

@article{fei2006one,
  title={One-shot learning of object categories},
  author={Fei-Fei, Li and Fergus, Rob and Perona, Pietro},
  journal={IEEE transactions on pattern analysis and machine intelligence},
  volume={28},
  number={4},
  pages={594--611},
  year={2006},
  publisher={IEEE}
}

@article{sun2018meta,
  title={Meta-Transfer Learning for Few-Shot Learning},
  author={Sun, Qianru and Liu, Yaoyao and Chua, Tat-Seng and Schiele, Bernt},
  journal={arXiv preprint arXiv:1812.02391},
  year={2018}
}

@book{thrun2012learning,
  title={Learning to learn},
  author={Thrun, Sebastian and Pratt, Lorien},
  year={2012},
  publisher={Springer Science \& Business Media}
}

@inproceedings{munkhdalai2017meta,
  title={Meta networks},
  author={Munkhdalai, Tsendsuren and Yu, Hong},
  booktitle={Proceedings of the 34th International Conference on Machine Learning-Volume 70},
  pages={2554--2563},
  year={2017},
  organization={JMLR. org}
}

@inproceedings{gurumurthy2017deligan,
  title={Deligan: Generative adversarial networks for diverse and limited data},
  author={Gurumurthy, Swaminathan and Kiran Sarvadevabhatla, Ravi and Venkatesh Babu, R},
  booktitle={Proceedings of the IEEE Conference on Computer Vision and Pattern Recognition},
  pages={166--174},
  year={2017}
}

@inproceedings{sung2018learning,
  title={Learning to compare: Relation network for few-shot learning},
  author={Sung, Flood and Yang, Yongxin and Zhang, Li and Xiang, Tao and Torr, Philip HS and Hospedales, Timothy M},
  booktitle={Proceedings of the IEEE Conference on Computer Vision and Pattern Recognition},
  pages={1199--1208},
  year={2018}
}

@inproceedings{vinyals2016matching,
  title={Matching networks for one shot learning},
  author={Vinyals, Oriol and Blundell, Charles and Lillicrap, Timothy and Wierstra, Daan and others},
  booktitle={Advances in neural information processing systems},
  pages={3630--3638},
  year={2016}
}

@article{banerjee2005clustering,
  title={Clustering with Bregman divergences},
  author={Banerjee, Arindam and Merugu, Srujana and Dhillon, Inderjit S and Ghosh, Joydeep},
  journal={Journal of machine learning research},
  volume={6},
  number={Oct},
  pages={1705--1749},
  year={2005}
}

@inproceedings{gygli2017deep,
  title={Deep value networks learn to evaluate and iteratively refine structured outputs},
  author={Gygli, Michael and Norouzi, Mohammad and Angelova, Anelia},
  booktitle={Proceedings of the 34th International Conference on Machine Learning-Volume 70},
  pages={1341--1351},
  year={2017},
  organization={JMLR. org}
}

@inproceedings{zhu2017unpaired,
  title={Unpaired image-to-image translation using cycle-consistent adversarial networks},
  author={Zhu, Jun-Yan and Park, Taesung and Isola, Phillip and Efros, Alexei A},
  booktitle={Proceedings of the IEEE International Conference on Computer Vision},
  pages={2223--2232},
  year={2017}
}

@article{mehrotra2017generative,
  title={Generative adversarial residual pairwise networks for one shot learning},
  author={Mehrotra, Akshay and Dukkipati, Ambedkar},
  journal={arXiv preprint arXiv:1703.08033},
  year={2017}
}

@article{mishra2017meta,
  title={Meta-learning with temporal convolutions},
  author={Mishra, Nikhil and Rohaninejad, Mostafa and Chen, Xi and Abbeel, Pieter},
  journal={arXiv preprint arXiv:1707.03141},
  volume={2},
  number={7},
  year={2017}
}

@article{hochreiter1997long,
  title={Long short-term memory},
  author={Hochreiter, Sepp and Schmidhuber, J{\"u}rgen},
  journal={Neural computation},
  volume={9},
  number={8},
  pages={1735--1780},
  year={1997},
  publisher={MIT Press}
}